<mx:record xmlns:mx="info:lc/xmlns/marcxchange-v1" format="Unimarc"><mx:leader>00610cam a2200193 45 0</mx:leader><mx:controlfield tag="001">a4346805</mx:controlfield><mx:controlfield tag="005">20090108</mx:controlfield><mx:controlfield tag="008">081002s2008 esp | |||| 000 j spa</mx:controlfield><mx:datafield tag="015" ind1=" " ind2=" "><mx:subfield code="a">MON0812</mx:subfield></mx:datafield><mx:datafield tag="017" ind1=" " ind2=" "><mx:subfield code="a">BI 2197-2008</mx:subfield></mx:datafield><mx:datafield tag="020" ind1=" " ind2=" "><mx:subfield code="a">978-84-612-5058-5</mx:subfield></mx:datafield><mx:datafield tag="040" ind1=" " ind2=" "><mx:subfield code="a">SpMaBN</mx:subfield><mx:subfield code="b">spa</mx:subfield><mx:subfield code="c">SpMaBN</mx:subfield><mx:subfield code="e">rdc</mx:subfield></mx:datafield><mx:datafield tag="080" ind1=" " ind2=" "><mx:subfield code="a">821.134.2-32"19/20"(082.2)</mx:subfield></mx:datafield><mx:datafield tag="245" ind1="0" ind2="0"><mx:subfield code="a">Uno entre un mill칩n</mx:subfield><mx:subfield code="h">[Texto impreso] :</mx:subfield><mx:subfield code="b">diez j칩venes autores reflexionan sobre las relaciones humanas</mx:subfield></mx:datafield><mx:datafield tag="260" ind1=" " ind2=" "><mx:subfield code="a">[Ciudad Real]</mx:subfield><mx:subfield code="b">[Juan Ignacio Sanz]</mx:subfield><mx:subfield code="c">[2008]</mx:subfield></mx:datafield><mx:datafield tag="300" ind1=" " ind2=" "><mx:subfield code="a">158 p.</mx:subfield><mx:subfield code="c">21 cm</mx:subfield></mx:datafield><mx:datafield tag="650" ind1=" " ind2="7"><mx:subfield code="a">Cuentos espa침oles</mx:subfield><mx:subfield code="y">S.XX</mx:subfield></mx:datafield><mx:datafield tag="650" ind1=" " ind2="7"><mx:subfield code="a">Cuentos espa침oles</mx:subfield><mx:subfield code="y">S.XXI</mx:subfield></mx:datafield><mx:datafield tag="956" ind1=" " ind2=" "><mx:subfield code="a">2</mx:subfield></mx:datafield></mx:record>
